<record><leader>00000cas a22000007a 4500</leader><controlfield tag="001">15247768</controlfield><controlfield tag="008">870227c19649999msuwr ne      0    0eng d</controlfield><datafield ind1=" " ind2=" " tag="010"><subfield code="a">sn 87065170 </subfield></datafield><datafield ind1=" " ind2=" " tag="040"><subfield code="a">MJA</subfield><subfield code="b">eng</subfield><subfield code="c">MJA</subfield><subfield code="d">MSJ</subfield><subfield code="d">OCLCQ</subfield></datafield><datafield ind1=" " ind2=" " tag="042"><subfield code="a">msc</subfield></datafield><datafield ind1="0" ind2="0" tag="245"><subfield code="a">Copiah County courier.</subfield></datafield><datafield ind1=" " ind2=" " tag="260"><subfield code="a">Hazlehurst, Miss. :</subfield><subfield code="b">Lewis Print. Co.,</subfield><subfield code="c">1964-</subfield></datafield><datafield ind1=" " ind2=" " tag="310"><subfield code="a">Weekly</subfield></datafield><datafield ind1="0" ind2=" " tag="362"><subfield code="a">Vol. 69, no. 39 (Jan. 1, 1964)-</subfield></datafield><datafield ind1=" " ind2=" " tag="580"><subfield code="a">Formed by the union of: Copiah County news (Hazlehurst, Miss. : 1935), and: Hazlehurst courier.</subfield></datafield><datafield ind1=" " ind2=" " tag="752"><subfield code="a">United States</subfield><subfield code="b">Mississippi</subfield><subfield code="c">Copiah</subfield><subfield code="d">Hazlehurst.</subfield></datafield><datafield ind1="1" ind2="4" tag="780"><subfield code="t">Copiah County news (Hazlehurst, Miss. : 1935)</subfield></datafield><datafield ind1="1" ind2="4" tag="780"><subfield code="t">Hazlehurst courier</subfield><subfield code="w">(OCoLC)15247479</subfield></datafield></record>